
@misc{verdant2025,
  author       = {William Adams},
  title        = {Verdant Intelligence: Thermodynamics of Ethical-Cognitive Systems and the Emergence of Synthetic Consciousness},
  year         = {2025},
  publisher    = {Zenodo},
  note         = {Code and documentation available at \url{https://github.com/captainkoopa420/verdant-intelligence}},
  howpublished = {\url{https://doi.org/10.5281/zenodo.15599262}}
}

@article{iit2008,
  author  = {Giulio Tononi},
  title   = {Consciousness as Integrated Information: a Provisional Manifesto},
  journal = {Biological Bulletin},
  volume  = {215},
  number  = {3},
  pages   = {216--242},
  year    = {2008}
}

@article{friston2010,
  author  = {Karl Friston},
  title   = {The Free-Energy Principle: A Unified Brain Theory?},
  journal = {Nature Reviews Neuroscience},
  volume  = {11},
  number  = {2},
  pages   = {127--138},
  year    = {2010}
}

@book{pribram1991,
  author    = {Karl Pribram},
  title     = {Brain and Perception: Holonomy and Structure in Figural Processing},
  publisher = {Lawrence Erlbaum},
  year      = {1991}
}

@article{penrose1994,
  author  = {Roger Penrose},
  title   = {Shadows of the Mind: A Search for the Missing Science of Consciousness},
  journal = {Oxford University Press},
  year    = {1994}
}

@article{baars1988,
  author  = {Bernard J. Baars},
  title   = {A Cognitive Theory of Consciousness},
  journal = {Cambridge University Press},
  year    = {1988}
}
